@phdthesis{winkler_1993,
  author       = {Christian A. Winkler}, 
  title        = {PhD thesis},
  school       = {University of Stuttgart},
  year         = 2009,
}

@book{woods_1990,
  title={Polyurethane Handbook: Chemistry, Raw Materials, Processing, Application, Properties},
  author={Woods, George},
  isbn={0471926582},
  lccn={90043732},
  year={1990},
  publisher={ICI Polyurethanes and Wiley in Chichester, New York . }
}

@book{oertel_and_abele_1994,
  title={Polyurethane Handbook: Chemistry, Raw Materials, Processing, Application, Properties},
  author={Oertel, G. and Abele, L.},
  isbn={9781569901571},
  lccn={93033469},
  year={1994},
  publisher={Hanser}
}

@book{klempner_and_frisch_1991,
  title={Handbook of Polymeric Foams and Foam Technology},
  author={Klempner, D. and Frisch, K.C.},
  isbn={9781569900499},
  url={http://books.google.no/books?id=QbcZHAAACAAJ},
  year={1991},
  publisher={Hanser Gardner Publications}
}

@book{gibson_and_ashby_1999,
  title={Cellular Solids: Structure and Properties},
  author={Gibson, L.J. and Ashby, M.F.},
  isbn={9780521499118},
  lccn={96031571},
  series={Cambridge Solid State Science Series},
  url={https://books.google.no/books?id=IySUr5sn4N8C},
  year={1999},
  publisher={Cambridge University Press}
}

@article {niyogi_and_kumar_etal_2014,
  author = {Niyogi, Debdarsan and Kumar, Rajinder and Gandhi, Kandukuri S.},
  title = {Modeling of bubble-size distribution in water and freon co-blown free rise polyurethane foams},
  journal = {Journal of Applied Polymer Science},
  volume = {131},
  number = {18},
  issn = {1097-4628},
  url = {http://dx.doi.org/10.1002/app.40745},
  doi = {10.1002/app.40745},
  pages = {n/a--n/a},
  keywords = {molding, morphology, polyurethanes, theory and modeling},
  year = {2014},
}

@article {beverte_2014,
  author = {Beverte, Ilze},
  title = {Determination of highly porous plastic foam structural characteristics by processing light microscopy images data},
  journal = {Journal of Applied Polymer Science},
  volume = {131},
  number = {4},
  issn = {1097-4628},
  url = {http://dx.doi.org/10.1002/app.39477},
  doi = {10.1002/app.39477},
  pages = {n/a--n/a},
  keywords = {foams, microscopy, structure-property relations, mechanical properties, polyurethanes},
  year = {2014},
}

@article {shen_and_zaho_etal_2014,
author = {Shen, Lu and Zhao, Yusheng and Tekeei, Ali and Hsieh, Fu-Hung and Suppes, Galen J.},
title = {Density modeling of polyurethane box foam},
journal = {Polymer Engineering \& Science},
volume = {54},
number = {7},
issn = {1548-2634},
url = {http://dx.doi.org/10.1002/pen.23694},
doi = {10.1002/pen.23694},
pages = {1503--1511},
year = {2014},
}

@article {zhao_and_gordon_etal_2013,
  author = {Zhao, Yusheng and Gordon, Michael J. and Tekeei, Ali and Hsieh, Fu-Hung and Suppes, Galen J.},
  title = {Modeling reaction kinetics of rigid polyurethane foaming process},
  journal = {Journal of Applied Polymer Science},
  volume = {130},
  number = {2},
  issn = {1097-4628},
  url = {http://dx.doi.org/10.1002/app.39287},
  doi = {10.1002/app.39287},
  pages = {1131--1138},
  keywords = {polyurethane foams, kinetics, theory and modeling},
  year = {2013},
}

@article {mosanenzadeh_and_naguib_etal_2013,
  author = {Mosanenzadeh, Shahrzad Ghaffari and Naguib, Hani E. and Park, Chul B. and Atalla, Noureddine},
  title = {Development, characterization, and modeling of environmentally friendly open-cell acoustic foams},
  journal = {Polymer Engineering \& Science},
  volume = {53},
  number = {9},
  publisher = {Wiley Subscription Services, Inc., A Wiley Company},
  issn = {1548-2634},
  url = {http://dx.doi.org/10.1002/pen.23443},
  doi = {10.1002/pen.23443},
  pages = {1979--1989},
  year = {2013},
}

@article {zhou_and_huang_etal_2006,
  author = {Zhou, Hong and Li, Bo and Huang, Guangsu},
  title = {Sound absorption characteristics of polymer microparticles},
  journal = {Journal of Applied Polymer Science},
  volume = {101},
  number = {4},
  publisher = {Wiley Subscription Services, Inc., A Wiley Company},
  issn = {1097-4628},
  url = {http://dx.doi.org/10.1002/app.23911},
  doi = {10.1002/app.23911},
  pages = {2675--2679},
  keywords = {acoustic property, modeling, polymer microparticle, sound absorption material},
  year = {2006},
}

@article {tesser_and_deserio_etal_2004,
  author = {Tesser, R. and Di Serio, M. and Sclafani, A. and Santacesaria, E.},
  title = {Modeling of polyurethane foam formation},
  journal = {Journal of Applied Polymer Science},
  volume = {92},
  number = {3},
  publisher = {Wiley Subscription Services, Inc., A Wiley Company},
  issn = {1097-4628},
  url = {http://dx.doi.org/10.1002/app.20170},
  doi = {10.1002/app.20170},
  pages = {1875--1886},
  keywords = {polyurethane foams, blowing agent, modeling, vapor-liquid equilibrium},
  year = {2004},
}

@article {lo_and_reible_etal_1994,
  author = {Lo, Yu-Wen and Reible, Danny D. and Collier, John R. and Chen, Cheng-Ho},
  title = {Three-dimensional modeling of reaction injection molding. I},
  journal = {Polymer Engineering \& Science},
  volume = {34},
  number = {18},
  publisher = {Society of Plastics Engineers},
  issn = {1548-2634},
  url = {http://dx.doi.org/10.1002/pen.760341805},
  doi = {10.1002/pen.760341805},
  pages = {1393--1400},
  year = {1994},
}

@book{marchisio_and_fox_2013,
  title={Computational Models for Polydisperse Particulate and Multiphase Systems},
  author={Marchisio, D.L. and Fox, R.O.},
  isbn={9781107328174},
  series={Cambridge Series in Chemical Engineering},
  year={2013},
  publisher={Cambridge University Press}
}

@article {baser_and_khakhar_1994_a,
  author = {Baser, S. A. and Khakhar, D. V.},
  title = {Modeling of the dynamics of R-11 blown polyurethane foam formation},
  journal = {Polymer Engineering \& Science},
  volume = {34},
  number = {8},
  publisher = {Society of Plastics Engineers},
  issn = {1548-2634},
  url = {http://dx.doi.org/10.1002/pen.760340804},
  doi = {10.1002/pen.760340804},
  pages = {632--641},
  year = {1994},
}

@article {baser_and_khakhar_1994_b,
  author = {Baser, S. A. and Khakhar, D. V.},
  title = {Modeling of the dynamics of R-11 blown polyurethane foam formation},
  journal = {Polymer Engineering \& Science},
  volume = {34},
  number = {8},
  publisher = {Society of Plastics Engineers},
  issn = {1548-2634},
  url = {http://dx.doi.org/10.1002/pen.760340804},
  doi = {10.1002/pen.760340804},
  pages = {642--649},
  year = {1994},
}

@article {greier_and_piesche_etal_2009,  
  author = {Geier, S. and Winkler, C. and Piesche, M.},
  title = {Numerical Simulation of Mold Filling Processes with Polyurethane Foams},
  journal = {Chemical Engineering \& Technology},
  volume = {32},
  number = {9},
  publisher = {WILEY-VCH Verlag},
  issn = {1521-4125},
  url = {http://dx.doi.org/10.1002/ceat.200900202},
  doi = {10.1002/ceat.200900202},
  pages = {1438--1447},
  keywords = {Mold filling, Numerical simulation, Polyurethane foam},
  year = {2009},
}

@article{Franceschini2008,
  title = "Model-based design of experiments for parameter precision: State of the art ",
  journal = "Chemical Engineering Science ",
  volume = "63",
  number = "19",
  pages = "4846 - 4872",
  year = "2008",
  note = "Model-Based Experimental Analysis ",
  issn = "0009-2509",
  doi = "http://dx.doi.org/10.1016/j.ces.2007.11.034",
  url = {http://www.sciencedirect.com/science/article/pii/S0009250907008871},
  author = "Gaia Franceschini and Sandro Macchietto",
  keywords = "Mathematical modelling",
  keywords = "Model-based experiment design",
  keywords = "Model validation",
  keywords = "Non-linear dynamics",
  keywords = "Optimisation",
  keywords = "Parameter identification",
  keywords = "Process engineering ",
}

@manual{RManual,                                                   
  title = {R: A Language and Environment for Statistical Computing},
  author = {{R Core Team}},                                      
  organization = {R Foundation for Statistical Computing},
  address = {Vienna, Austria},                                   
  year = {2014},                                                 
  url = {http://www.R-project.org/},                             
}

@manual{MongoDBManual,                                                   
  title = {MongoDB Documentation},
  author = {MongoDB Documentation Project},                                      
  year = {2014},                                                 
  url = {http://docs.mongodb.org/master/MongoDB-manual.pdf},                             
}

@mastersthesis{shermin_2013,
  title={An Access Control Model for NoSQL Databases},
  author={Shermin, Motahera},
  year={2013},
  school={University of Western Ontario},
}

@mastersthesis{nasholm_2012,
  title={Extracting Data from NoSQL Databases-A Step towards Interactive Visual Analysis of NoSQL Data},
  author={N{\"a}sholm, Petter},
  year={2012},
  school={Chalmers University of Technology}
}

@article{codd_and_edgar_1970,
  title={A relational model of data for large shared data banks},
  author={Codd, Edgar F},
  journal={Communications of the ACM},
  volume={13},
  number={6},
  pages={377--387},
  year={1970},
  publisher={ACM}
}
@book{VDI,
  author        = {VDI-Gesellschaft Verfahrenstechnik und
                       Chemieingenieurwesen}, 
  title         = {VDI heat atlas; 2nd ed.},
  publisher     = {Springer},
  address       = {Berlin},
  year          = {2010},
}

@misc{bworld,
  author = {Ingo L\"utkebohle},
  title = {{BWorld Robot Control Software}},
  howpublished = "\url{http://aiweb.techfak.uni-bielefeld.de/content/bworld-robot-control-software/}",
  year = {2008}, 
  note = "[Online; accessed 19-July-2008]"
}

@online{project:FireWorks,
author = {Fireworks project},
title = {Project web-site},
month = March,
year = {2015},
url = {http://pythonhosted.org/FireWorks/}
}

@online{project:MoDeNa,
author = {MoDeNa project},
title = {Project web-site},
month = March,
year = {2015},
url = {http://www.modenaproject.eu/}
}

@online{project:MongoDB,
author = {MongoDB project},
title = {Project web-site},
month = March,
year = {2015},
url = {http://www.mongodb.org/}
}

@online{project:R,
author = {R project},
title = {Project web-site},
month = March,
year = {2015},
url = {http://www.r-project.org/}
}

@online{project:MongoEngine,
author = {MongoEngine project},
title = {Project web-site},
month = March,
year = {2015},
url = {http://www.mongoengine.org/}
}
